@article{
    Niebecker,
    author = { R. Niebecker and M. O. Karlsson },
    title = "Are datasets for NLME models large enough for a bootstrap to provide reliable parameter uncertainty distributions?",
    journal = "PAGE 22 (2013) Abstr 2899",
    year = "2013",
    url = { www.page-meeting.org/?abstract=2899 },
    keywords = { bootstrap }
}

@book{
    Efron,
    author = { B. Efron },
    title = "An Introduction to the Bootstrap",
    publisher = "Chap. \& Hall",
    address = "London UK",
    year = "1993",
    keywords = { bootstrap }
}

@article{
    Karlsson,
    author = { M. O. Karlsson },
    title = "A full model approach based on the covariance matrix of parameters and covariates",
    journal = "PAGE 21 (2012) Abstr 2455",
    year = "2012",
    url = { www.page-meeting.org/?abstract=2455 },
    keywords = { FREM }
}

@article{
    Ivaturi,
    author = { V. Ivaturi and R. Keizer and M. O. Karlsson },
    title = "A Full Random Effects Model for Characterising Covariate Relations",
    journal = "WCOP (2012) Abstract W-152",
    year = "2012",
    keywords = { FREM }
}

@article{
    Yun,
    author = { H. Yun and R. Niebecker and E. M. Svensson and M. O. Karlsson },
    title = "Evaluation of FREM and FFEM including use of model linearization",
    journal = "PAGE 22 (2013) Abstr 2900",
    year = "2013",
    url = { www.page-meeting.org/?abstract=2900 },
    keywords = { FREM }
}

@article{
    Ivaturi2,
    author = { V. Ivaturi and Andrew C. Hooker and Mats O. Karlsson },
    title = "Individual Observation-Shrinkage Scaling of Residuals in a Generalized Least Square Type of Estimation in {NONMEM}",
    journal = "PAGE 21 Abstract 2586",
    year = "2012",
    keywords = { gls }
}

@article{
    Ribbing,
    author = { Jakob Ribbing and Joakim Nyberg and Ola Caster and E. Niclas Jonsson },
    title = "The lasso—a novel method for predictive covariate model building in nonlinear mixed effects models",
    journal = "C. J Pharmacokinet Pharmacodyn (2007) 34:485–51",
    year = "2007",
    keywords = { lasso }
}

@article{
    Svensson,
    author = { E. M. Svensson and M. O. Karlsson },
    title = "Use of a linearization approximation facilitating stochastic model building",
    journal = "J PKPD. 2014, 41:153-158",
    year = "2014",
    keywords = { linearize } 
}

@article{
    Khandelwal,
    author = { A. Khandelwal and K. Harling and E. N. Jonsson and A. C. Hooker and M. O. Karlsson },
    title = "A fast method for testing covariates in population PK/PD Models",
    journal = "AAPS J. 2011 Sep;13(3):464-72",
    year = "2011",
    keywords = { linearize, scm } 
} 

@article{
    Vong,
    author = { Camille Vong and Martin Bergstrand and Joakim Nyberg and Mats O. Karlsson },
    title = "Rapid sample size calculations for a defined likelihood ratio test-based power in mixed effects models",
    journal = "AAPS J. 2012 Jun; 14(2): 176–186",
    year = "2012",
    keywords = { mcmp }
} 

@article{
    Johansson1,
    author = { Å. Johansson and M. O. Karlsson },
    title = "Multiple Imputation of Missing Covariates in NONMEM and Evaluation of the Method’s Sensitivity to $\eta$-Shrinkage",
    journal = "AAPS J. 2013 Oct; 15(4): 1035–1042",
    year = "2013",
    keywords = { mimp }
}

@article{
    Johansson2,
    author = "Å. Johansson and M. O. Karlsson",
    title = "Comparison of methods for handling missing covariate data",
    journal = "AAPS J. 2013 Oct; 15(4): 1232–1241",
    year = "2013",
    keywords = { mimp }
} 

@article{
    Chayan,
    author = { Chayan Acharya and Andrew C. Hooker and Gülbeyaz Yıldız Türkyılmaz and Siv Jönsson and Mats O. Karlsson },
    title = "A diagnostic tool for population models using non-compartmental analysis: The ncappc package for {R}",
    year = "2016",
    journal = "Computer Methods and Programs in Biomedicine",
    keywords = { nca }
}

@article{
    Baverel,
    author = { Paul G. Baverel and Radojka M. Savic and Mats O. Karlsson },
    title = "Two bootstrapping routines for obtaining imprecision estimates for nonparametric parameter distributions in nonlinear mixed effects models",
    journal = "J Pharmacokinet Pharmacodyn",
    year = "2010",
    keywords = { nonpb }
}

@article{
    Hennig,
    author = { Hennig S and Karlsson MO },
    title = "Concordance between criteria for covariate model building",
    journal = "J Pharmacokinet. Pharmacodyn. 41(2):109-25",
    year = "2014",
    keywords = { pvar }
}

@article{
    Wahlby,
    author = { U. Wählby and E. N. Jonsson and M. O. Karlsson },
    title = "Assessment of Actual Significance levels for Covariate Effects in {NONMEM}",
    journal = "J PKPD 28(3):231-252",
    keywords = { randtest },
}

@article{
    Deng,
    author = { C. Deng and E. L. Plan and M. O. Karlsson },
    title = "Influence of clinical trial design to detect drug effect in systems with within subject variability",
    journal = "PAGE 24 (2015) Abstr 3549",
    year = "2015",
    url = { www.page-meeting.org/?abstract=3549 },
    keywords = { randtest },
}

@article{
    Comets,
    author = { E. Comets and K. Brendel and F. Mentré },
    title = "Computing normalised prediction distribution errors to evaluate nonlinear mixed-effect models: The npde add-on package for {R}",
    journal = "CMPB 90 (2008) 154–166",
    year = "2008",
    keywords = { simeval }
}

@article{
    Keizer,
    author = { R. Keizer and K. Harling and M. O. Karlsson },
    title = "Extended NPDE diagnostics for the between-subject variability and residual error model",
    journal = "PAGE 21 (2012) Abstr 2538",
    year = "2012",
    url = { www.page-meeting.org/?abstract=2538 },
    keywords = { simeval }
}

@article{
    Keizer2,
    author = { R. J. Keizer and A. Khandelwal and A. C Hooker and M. O. Karlsson },
    title = "The bootstrap of Stepwise Covariate Modeling using linear approximations",
    journal = "PAGE 20 Abstr 2161",
    year = "2011",
    keywords = { boot_scm }
}

@article{
    Largajolli,
    author = { A. Largajolli and S. Jönsson and M. O. Karlsson },
    title = "The {OFVPPC}: A simulation objective function based diagnostic",
    journal = "PAGE 23 (2014) Abstr 3208",
    year = "2014",
    url = { www.page-meeting.org/?abstract=3208 },
    keywords = { simeval }
}

@article{
    Dosne2012,
    author = { Anne-Gaëlle Dosne and Martin Bergstrand and Mats O. Karlsson },
    title = "A strategy for residual error modeling incorporating scedasticity of variance and distribution shape",
    journal = "Journal of Pharmacokinetics and Pharmacodynamics",
    year = "2015",
    doi = "10.1007/s10928-015-9460-y", 
    keywords = { common }
}

@article{
    Dosne2013,
    author = "A. G. Dosne and M. Bergstrand and M. O. Karlsson",
    title = "Application of Sampling Importance Resampling to estimate parameter uncertainty distributions",
    journal = "PAGE 22 (2013) Abstr 2907",
    year = "2013",
    url = { www.page-meeting.org/?abstract=2907 },
    keywords = { sir }
}

@article{
    Dosne2015,
    author = "A. G. Dosne and M. Bergstrand and M. O. Karlsson",
    title = "Determination of Appropriate Settings in the Assessment of Parameter Uncertainty Distributions using Sampling Importance Resampling ({SIR})",
    journal = "PAGE 24 (2015) Abstr 3546",
    year = "2015",
    url = { www.page-meeting.org/?abstract=3546 },
    keywords = { sir },
}

@article{
    direct,
    author = { D. R. Jones and C. D. Perttunen and B. E. Stuckman },
    title = "Lipschitzian optimization without the Lipschitz constant",
    journal = "Journal of Optimization Theory and Application: 79:1",
    year = "1993",
    keywords = { sir }
}

@article{
    Bergstrand,
    author = { Bergstrand M and Hooker AC and Wallin JE and Karlsson MO },
    title = "Prediction-Corrected Visual Predictive Checks for Diagnosing Nonlinear Mixed-Effects Models",
    journal = "AAPS J. 2011 Feb 8.",
    year = "2011",
    keywords = { vpc },
}

@article{
    Sonehag,
    author = { Christian Sonehag and Niklas Olofsson and Rasmus Simander },
    title = "Automatic binning in visual predictive checks",
    journal = "Undergraduate project",
    year = "2012",
    url = { http://www.it.uu.se/edu/course/homepage/projektTDB/ht11/project4/Report\_ht11\_04.pdf },
    keywords = { vpc },
}

@article{
    Calinski,
    author = {Calinski, R. B. and Harabasz, J. },
    title = "A dendrite method for cluster analysis",
    journal = "Communications in Statistics, 3, 1-27",
    year = "1974",
    keywords = { vpc },
}

@article{
    Lavielle,
    author = { M. Lavielle and K. Bleakley },
    title = "Automatic data binning for improved visual diagnosis of pharmacometric models",
    year = "2011",
    keywords = { vpc },
}

@article{
    BQL,
    author = { Bergstrand, M. et al. },
    journal = "AAPS J, 2009. 11(2): p. 371-380",
    year = "2009",
    keywords = { vpc },
}

@article{
    GaussianKernel,
    author = { Silverman, B.W. },
    title = "Density Estimation for Statistics and Data Analysis",
    year = "1998",
    keywords = { vpc },
}

@article{
    KMeans,
    author = { J.B. MacQueen },
    title = "Some methods for classification and analysis of multivariate observations",
    journal = "Proceedings of 5th Berkeley Symposium on Mathematical Statistics and Probability, pages 281-297, University of California Press",
    year = "1967",
    keywords = { vpc },
}

@article{
    Milligan,
    author = { G. Milligan and M. Cooper },
    title = "An examination of procedures for determining the number of clusters in a data set",
    journal = "Psychometrika-vol. 50, no 2, 159-179. June 1985",
    keywords = { vpc },
}

@article{
    Yan,
    author = { M. Yan },
    title = "Methods of Determining the Number of Clusters in a Data Set and a New Clustering Criterion",
    year = "November 2005",
    keywords = { vpc },
}

@article{
    Aoki,
    author = { Yasunori Aoki and Rikard Nordgren and Andrew C. Hooker },
    title = "Preconditioning of Nonlinear Mixed Models for Stabilisation of Variance-Covariance Matrix Computations",
    journal = "The AAPS Journal",
    year = "2016",
    keywords = { precond },
}

@article{
    Terranova,
    author = { Nadia Terranova and Marc Lavielle and Mike K. Smith and Emmanuelle Comets and Kajsa Harling and Rikard Nordgren and Andrew C. Hooker and France Mentre and Maciej J. Swat },
    title = "Standardized Output: flexible and tool-independent storage format of typical M\&S results",
    journal = "PAGE 24 (2015) Abstr 3599",
    year = "2015",
    keywords = { nmoutput2so },
}

@article{
    Katsube1,
    author = { T. Katsube and A. Khandelwal and K. Harling and A. C. Hooker and M. O. Karlsson },
    title = "Evaluation of Stepwise Covariate Model Building Combined with Cross-Validation",
    journal = "PAGE 20 abstract 2111",
    year = "2011",
    keywords = { xv_scm }
}

@article{
    Katsube2,
    author = { T. Katsube and A. Khandelwal and A. C. Hooker and E. N. Jonsson and M. O. Karlsson },
    title = "Characterization of Stepwise Covariate Model Building Combined with Cross-Validation",
    journal = "PAGE 21 abstract 2482",
    year = "2012",
    keywords = { xv_scm }
}

@article{
    Savic,
    author = { R. M. Savic and M. O. Karlsson },
    title = "Evaluation of an extended grid method for estimation using nonparametric distributions",
    journal = "AAPS J. Sep;11(3):615-27",
    year = "2009",
    keywords = { extended_grid }
}


@article{
    Ueckert,
    author = { S. Ueckert and M. O. Karlsson and A. C. Hooker },
    title = "Accelerating Monte Carlo power studies through parametric power estimation",
%journal="Journal of Pharmacokinetics and Pharmacodynamics",
    journal = "J Pharmacokinet Pharmacodyn 43(2):223-234",
year="2016",
%volume="43",
%number="2",
%pages="223--234",
    keywords = { sse }
}

@article{
    Jonsson,
    author = { E. N. Jonsson and M. O. Karlsson },
    title = "Xpose--an S-PLUS based population pharmacokinetic/pharmacodynamic model building aid for {NONMEM}",
    journal = "Computer Methods and Programs in Biomedicine. 58(1):51-64",
    year = "1999",
    keywords = { PsN }
}

@article{
    Lindbom,
    author = { L. Lindbom and J. Ribbing and E. N. Jonsson },
    title = "{Perl-speaks-NONMEM (PsN)}--a Perl module for {NONMEM} related programming",
    journal = "Comput Methods Programs Biomed. 75(2):85-94",
    year = "2004",
    keywords = { PsN }
}

@article{
    Lindbom2,
    author = { L. Lindbom and P. Pihlgren and E. N. Jonsson },
    title = "{PsN}-Toolkit--a collection of computer intensive statistical methods for non-linear mixed effect modeling using {NONMEM}",
    journal = "Comput Methods Programs Biomed. 79(3):241-57",
    year = "2005",
    keywords = { PsN }
}

@article{
    Keizer3,
    author = { R. J. Keizer and M. O. Karlsson and A. C. Hooker},
    title = "Modeling and Simulation Workbench for {NONMEM}: Tutorial on {Pirana, PsN, and Xpose}",
    journal = "CPT Pharmacometrics Syst Pharmacol. (2013) 2, e50.",
    year = "2013",
    keywords = { PsN }
}

@article{
    Ibrahim,
    author = { M. M. A. Ibrahim and R. Nordgren and M. C. Kjelsson and M. O. Karlsson },
    title = "Model-based residual post-processing for residual model identification",
    journal =  "AAPS J (2018) 20:81",
    year = "2018",
    keywords = { resmod },
}

@article{
    Petersson,
    author = { K. J. Petersson and E. Hanze, R. M. Savic and M. O. Karlsson },
    title = "Semiparametric distributions with estimated shape parameters",
    journal = "Pharm Res. 2009 Sep;26(9):2174-85",
    year = "2009"
}

@article{
    Jonsson2,
    author = { E. N. Jonsson and M. O. Karlsson },
    title = "Automated covariate model building within NONMEM",
    journal = "Pharm Res. 1998 Sep;15(9):1463-8",
    year = "1998"
}

@article{
    Yngman,
    author = { G. Yngman and J. Nyberg and E. N. Jonsson and M. O. Karlsson },
    title = "Practical considerations for using the full random effects modeling (FREM) approach to covariate modeling",
    journal = "PAGE 26 (2017) Abstr 7365",
    year = "2017"
}

@article{
    Karlsson2,
    author = { M. O. Karlsson and S. L. Beal and L. B. Sheiner },
    title = "Three new residual error models for population PK/PD analyses",
    journal = "J Pharmacokinet Biopharm 23, 651-672",
    year = "1995",
}

@article{
    Karlsson3,
    author = { M. O. Karlsson and E. N. Jonsson and C. G. Wiltse and J. R. Wade },
    title = "Assumption testing in population pharmacokinetc models: illustrated with an analysis of moxonidine data from congestive heart failure patients",
    journal = "J Pharmocokinet Biopharm 26, 207-246",
    year = "1998"
}

@article{
    Ibrahim2,
    author = { M. M. A. Ibrahim and R. Nordgren and M. C. Kjelsson and M. O. Karlsson },
    title = "Variability attribution for automated model building",
    journal =  "AAPS J (2019) 21:37",
    year = "2019",
    keywords = { qa },
}

@article{
    Ibrahim3,
    author = { M. M. A. Ibrahim and S. Ueckert and S. Freiberga and M. C. Kjelsson and M. O. Karlsson },
    title = "Model-based conditional weighted residuals analysis for structural model assessment",
    journal =  "AAPS J (2019) 21:34",
    year = "2019",
    keywords = { qa },
}

@article{
    Nordgren2018,
    author = { R. Nordgren and S. Ueckert and S. Freiberga and M. O. Karlsson },
    title = "Faster methods for case deletion diagnostics : dOFV and linearized dOFV",
    journal = "PAGE 27 (2018) Abstr 8683",
    year = "2018",
    url = { www.page-meeting.org/?abstract=8683 },
    keywords = { qa },
}

@article{
    Yngman2018,
    author = {  G. Yngman and R. Nordgren and S. Freiberga and M. O. Karlsson },
    title = "Linearization of full random effects modeling (FREM) for time-efficient automatic covariate assessment",
    journal = "PAGE 27 (2018) Abstr 8750",
    year = "2018",
    url = { www.page-meeting.org/?abstract=8750 },
    keywords = { qa },
}

@article{
    Ueckert2018,
    author = { S. Ueckert and S. Freiberga and G. Yngman and M. O. Karlsson },
    title = "Understanding sources of variability: The variability attribution plot",
    journal = "PAGE 27 (2018) Abstr 8659",
    year = "2018",
    url = { www.page-meeting.org/?abstract=8659 },
    keywords = { qa },
} 

@article{
    Haem,
    author = { E. Haem and K. Harling and SM. Ayatollahi and N. Zare and MO. Karlsson },
    title = "Adjusted adaptive Lasso for covariate model-building in nonlinear mixed-effect pharmacokinetic models.",
    journal = "J Pharmacokinet Pharmacodyn. Feb;44(1):55-66",
    year = "2017",
    keywords = { lasso },
}

@article{
    Ibrahim4,
    author = { M. M. A. Ibrahim and E. N. Jonsson and M. Bergstrand },
    title = "The Reference-Corrected Visual Predictive Check: A More Intuitive Diagnostic for Non-Linear Mixed Effects Models",
    journal = "AAPS J 27, 86 (2025)",
    year = "2025",
    url = { https://doi.org/10.1208/s12248-025-01065-2 },
    keywords = { vpc },
}

@article{
    Ibrahim5,
    author = { M. M. A. Ibrahim and R. Nordgren and M. C. Kjelsson and M. O. Karlsson },
    title = "Variability Attribution for Automated Model Building",
    journal = "AAPS J 21, 37 (2019)",
    year = "2019",
    url = { https://doi.org/10.1208/s12248-019-0310-5 },
    keywords = { qa },
}

